<record><leader>00000cas a22000007a 4500</leader><controlfield tag="001">10869715</controlfield><controlfield tag="008">840621d18731881iaudn ne      0    0eng d</controlfield><datafield ind1=" " ind2=" " tag="010"><subfield code="a">sn 84027097 </subfield></datafield><datafield ind1=" " ind2=" " tag="040"><subfield code="a">NPU</subfield><subfield code="b">eng</subfield><subfield code="c">NPU</subfield><subfield code="d">NPX</subfield><subfield code="d">INP</subfield><subfield code="d">OBN</subfield><subfield code="d">CRL</subfield><subfield code="d">OCLCQ</subfield><subfield code="d">OCLCO</subfield></datafield><datafield ind1=" " ind2=" " tag="042"><subfield code="a">msc</subfield></datafield><datafield ind1=" " ind2=" " tag="043"><subfield code="a">n-us-ia</subfield></datafield><datafield ind1="0" ind2=" " tag="130"><subfield code="a">Council Bluffs daily nonpareil (Council Bluffs, Iowa : 1873)</subfield></datafield><datafield ind1="1" ind2="4" tag="245"><subfield code="a">The Council Bluffs daily nonpareil.</subfield></datafield><datafield ind1="3" ind2=" " tag="246"><subfield code="a">Daily nonpareil</subfield></datafield><datafield ind1=" " ind2=" " tag="260"><subfield code="a">Council Bluffs, Iowa :</subfield><subfield code="b">[s.n.],</subfield><subfield code="c">1873-1881.</subfield></datafield><datafield ind1=" " ind2=" " tag="300"><subfield code="a">9 v.</subfield></datafield><datafield ind1=" " ind2=" " tag="310"><subfield code="a">Daily (except Mon.)</subfield></datafield><datafield ind1="0" ind2=" " tag="362"><subfield code="a">Vol. 12, no. 23 (Jan. 28, 1873)-v. 20, no. 182 (Aug. 2, 1881).</subfield></datafield><datafield ind1=" " ind2=" " tag="530"><subfield code="a">Also issued on microfilm from Library of Congress Photoduplication Service.</subfield></datafield><datafield ind1=" " ind2="0" tag="651"><subfield code="a">Council Bluffs (Iowa)</subfield><subfield code="v">Newspapers.</subfield></datafield><datafield ind1=" " ind2="0" tag="651"><subfield code="a">Pottawatomie County (Iowa)</subfield><subfield code="v">Newspapers.</subfield></datafield><datafield ind1=" " ind2=" " tag="752"><subfield code="a">United States</subfield><subfield code="b">Iowa</subfield><subfield code="c">Pottawattamie</subfield><subfield code="d">Council Bluffs.</subfield></datafield><datafield ind1="0" ind2=" " tag="775"><subfield code="t">Council Bluffs weekly nonpareil</subfield><subfield code="w">(DLC)sn 85049846</subfield><subfield code="w">(OCoLC)12895112</subfield></datafield><datafield ind1="0" ind2="0" tag="780"><subfield code="t">Daily nonpareil (Council Bluffs, Iowa : 1862)</subfield><subfield code="w">(DLC)sn 85049845</subfield><subfield code="w">(OCoLC)12895052</subfield></datafield><datafield ind1="0" ind2="0" tag="785"><subfield code="t">Daily nonpareil (Council Bluffs, Iowa : 1881)</subfield><subfield code="w">(DLC)sn 85049848</subfield><subfield code="w">(OCoLC)12895062</subfield></datafield></record>